<record><leader>00000cas a22000007a 4500</leader><controlfield tag="001">12234809</controlfield><controlfield tag="008">850705d19021925wiuwr ne      0    0eng d</controlfield><datafield ind1=" " ind2=" " tag="010"><subfield code="a">sn 85040844 </subfield></datafield><datafield ind1=" " ind2=" " tag="040"><subfield code="a">NPV</subfield><subfield code="b">eng</subfield><subfield code="c">NPV</subfield><subfield code="d">OCLCQ</subfield></datafield><datafield ind1=" " ind2=" " tag="042"><subfield code="a">msc</subfield></datafield><datafield ind1=" " ind2=" " tag="045"><subfield code="a">x0x2</subfield></datafield><datafield ind1=" " ind2=" " tag="052"><subfield code="a">4123</subfield><subfield code="b">S6</subfield></datafield><datafield ind1="0" ind2="4" tag="245"><subfield code="a">The Sheboygan County news and dairy market reporter.</subfield></datafield><datafield ind1="1" ind2="7" tag="246"><subfield code="a">Sheboygan County news</subfield></datafield><datafield ind1="1" ind2="3" tag="246"><subfield code="a">Dairy market reporter</subfield></datafield><datafield ind1=" " ind2=" " tag="260"><subfield code="a">Sheboygan Falls, Wis. :</subfield><subfield code="b">W.C. Thomas,</subfield><subfield code="c">1902-1925.</subfield></datafield><datafield ind1=" " ind2=" " tag="300"><subfield code="a">24 v. :</subfield><subfield code="b">ill.</subfield></datafield><datafield ind1=" " ind2=" " tag="310"><subfield code="a">Weekly</subfield></datafield><datafield ind1="0" ind2=" " tag="362"><subfield code="a">Vol. 26, no. 12 (Jan. 8, 1902)-v. 49, no. 42 (July 8, 1925).</subfield></datafield><datafield ind1=" " ind2=" " tag="500"><subfield code="a">Added masthead: Dairy market reporter, Jan. 4, 1905-July 8, 1925.</subfield></datafield><datafield ind1=" " ind2=" " tag="500"><subfield code="a">Publisher varies.</subfield></datafield><datafield ind1=" " ind2=" " tag="530"><subfield code="a">Available on microfilm from The State Historical Society of Wisconsin.</subfield></datafield><datafield ind1=" " ind2=" " tag="752"><subfield code="a">United States</subfield><subfield code="b">Wisconsin</subfield><subfield code="c">Sheboygan</subfield><subfield code="d">Sheboygan Falls.</subfield></datafield><datafield ind1="0" ind2="0" tag="780"><subfield code="t">Sheboygan County news (Sheboygan Falls, Wis. : 1876)</subfield><subfield code="w">(DLC)sn 85040843</subfield></datafield><datafield ind1="0" ind2="1" tag="785"><subfield code="t">Sheboygan County news (Sheboygan Falls, Wis. : 1925)</subfield><subfield code="w">(DLC)sn 85040845</subfield></datafield></record>